<record><leader>00000nas a22000007i 4500</leader><controlfield tag="001">944443436</controlfield><controlfield tag="008">160314c20169999caucr ne      |   a0eng  </controlfield><datafield ind1=" " ind2=" " tag="010"><subfield code="a">  2016200290</subfield></datafield><datafield ind1=" " ind2=" " tag="040"><subfield code="a">DLC</subfield><subfield code="b">eng</subfield><subfield code="e">rda</subfield><subfield code="c">DLC</subfield></datafield><datafield ind1=" " ind2=" " tag="012"><subfield code="m">y</subfield></datafield><datafield ind1="0" ind2=" " tag="022"><subfield code="a">2471-3988</subfield><subfield code="2">1</subfield></datafield><datafield ind1=" " ind2=" " tag="032"><subfield code="a">002121</subfield><subfield code="b">USPS</subfield></datafield><datafield ind1=" " ind2=" " tag="037"><subfield code="b">Uptown San Diego Examiner, 3930 Oregon St., Suite 110, San Diego, CA 92104</subfield></datafield><datafield ind1=" " ind2=" " tag="042"><subfield code="a">nsdp</subfield><subfield code="a">msc</subfield></datafield><datafield ind1=" " ind2=" " tag="043"><subfield code="a">n-us---</subfield></datafield><datafield ind1="1" ind2="0" tag="050"><subfield code="a">ISSN RECORD</subfield></datafield><datafield ind1="1" ind2="0" tag="082"><subfield code="a">979.4985</subfield><subfield code="2">23</subfield></datafield><datafield ind1="0" ind2=" " tag="130"><subfield code="a">Uptown San Diego examiner (2016)</subfield></datafield><datafield ind1=" " ind2="0" tag="222"><subfield code="a">Uptown San Diego examiner</subfield><subfield code="b">(2016)</subfield></datafield><datafield ind1="0" ind2="0" tag="245"><subfield code="a">Uptown San Diego examiner.</subfield></datafield><datafield ind1=" " ind2="1" tag="264"><subfield code="a">San Diego, CA :</subfield><subfield code="b">Uptown San Diego Examiner,</subfield><subfield code="c">2016-</subfield></datafield><datafield ind1=" " ind2=" " tag="310"><subfield code="a">Semiweekly</subfield></datafield><datafield ind1=" " ind2=" " tag="336"><subfield code="a">text</subfield><subfield code="b">txt</subfield><subfield code="2">rdacontent</subfield></datafield><datafield ind1=" " ind2=" " tag="337"><subfield code="a">unmediated</subfield><subfield code="b">n</subfield><subfield code="2">rdamedia</subfield></datafield><datafield ind1=" " ind2=" " tag="338"><subfield code="a">volume</subfield><subfield code="b">nc</subfield><subfield code="2">rdacarrier</subfield></datafield><datafield ind1="1" ind2=" " tag="362"><subfield code="a">Began with: Volume 78, number 16 (February 24, 2016).</subfield></datafield><datafield ind1=" " ind2=" " tag="588"><subfield code="a">Description based on surrogate: Volume 78, number 16 (February 24, 2016); title from caption.</subfield></datafield><datafield ind1=" " ind2=" " tag="588"><subfield code="a">Latest issue consulted: Volume 78, number 16 (February 24, 2016) (Surrogate).</subfield></datafield><datafield ind1=" " ind2=" " tag="752"><subfield code="a">United States</subfield><subfield code="b">California</subfield><subfield code="c">San Diego</subfield><subfield code="d">San Diego.</subfield></datafield><datafield ind1="0" ind2="0" tag="780"><subfield code="t">San Diego metropolitan uptown examiner &amp; daily business report</subfield><subfield code="x">1539-0047</subfield><subfield code="w">(DLC)  2002212306</subfield><subfield code="w">(OCoLC)49505791</subfield></datafield></record>